<?xml version="1.0" encoding="UTF-8"?><record xmlns="http://www.loc.gov/MARC21/slim" xmlns:cinclude="http://apache.org/cocoon/include/1.0" xmlns:zs="http://www.loc.gov/zing/srw/">
  <leader>00485nz  a2200133n  4500</leader>
  <controlfield tag="001">no2010049621</controlfield>
  <controlfield tag="003">DLC</controlfield>
  <controlfield tag="005">20100326075427.0</controlfield>
  <controlfield tag="008">100324n| acannaabn          |n aaa     c</controlfield>
  <datafield tag="010" ind1=" " ind2=" ">
    <subfield code="a">no2010049621</subfield>
  </datafield>
  <datafield tag="035" ind1=" " ind2=" ">
    <subfield code="a">(OCoLC)oca08438228</subfield>
  </datafield>
  <datafield tag="040" ind1=" " ind2=" ">
    <subfield code="a">PPi-MA</subfield>
    <subfield code="b">eng</subfield>
    <subfield code="c">PPi-MA</subfield>
  </datafield>
  <datafield tag="100" ind1="1" ind2=" ">
    <subfield code="a">Forsyth, Malcolm.</subfield>
    <subfield code="t">Sagittarius.</subfield>
    <subfield code="p">Semplicamente, allegro con brio</subfield>
  </datafield>
  <datafield tag="670" ind1=" " ind2=" ">
    <subfield code="a">Canadian Brass. CBC radio years [SR] p2000:</subfield>
    <subfield code="b">container (Sagittarius. First movement = Premier mouvement : Semplicamente, allegro con brio)</subfield>
  </datafield>
</record>